%% This BibTeX bibliography file was created using BibDesk.
%% https://bibdesk.sourceforge.io/

%% Created for Eduardo Rosete at 2022-11-20 17:40:12 -0600 


%% Saved with string encoding Unicode (UTF-8) 



@article{5,
	author = {Shubo Wang, Guancong Ma & Che Ting Chan},
	date-added = {2022-11-20 17:14:31 -0600},
	date-modified = {2022-11-20 17:40:08 -0600},
	journal = {Science Advances},
	month = {Febuary},
	number = {2},
	pages = {1475},
	title = {Topological transport of sound mediated by spin-redirection geometric phase},
	volume = {4},
	year = {2018}}

@article{4,
	author = {Gerhard Gr{\"o}ssing, Johannes Mesa Pascasio & Herbert Schwabl},
	date-added = {2022-11-20 17:12:31 -0600},
	date-modified = {2022-11-20 17:39:51 -0600},
	journal = {Foundations of Physics},
	pages = {1437-1453},
	title = {A Classical Explanation of Quantization},
	volume = {41},
	year = {2011}}

@article{3,
	author = {E.Madelung},
	date-added = {2022-11-20 17:08:04 -0600},
	date-modified = {2022-11-20 17:39:58 -0600},
	journal = {Naturwissenschaften},
	pages = {1004},
	title = {Eine anschauliche Deutung der Gleichung von Schr{\"o}dinger.},
	volume = {14},
	year = {1926}}

@periodical{2,
	author = {Chengzhi Shi, Rongkuo Zhao, Yang Long, Sui Yang, Yuan Wang, Hong Chen, Jie Ren, Xiang Zhang},
	date-added = {2022-11-20 17:01:39 -0600},
	date-modified = {2022-11-20 17:40:05 -0600},
	journal = {National Science Review},
	month = {July},
	pages = {707-712},
	publisher = {National Science Review},
	read = {1},
	title = {Observation of acoustic spin},
	volume = {6},
	year = {2019}}

@book{1,
	author = {W.H. Hayt & J.A.Buck},
	date-added = {2022-11-20 16:56:16 -0600},
	date-modified = {2022-11-20 17:40:01 -0600},
	publisher = {MacGraw-Hill},
	rating = {5},
	read = {1},
	title = {Engineering Electromagnetics},
	volume = {6},
	year = {1981}}
